@BOOK{erus,
	author = "Я.М. Ерусалимский",
	title = "Дискретная математика. Теория, задачи, приложения: учеб. пособие",
	address = "M.",
	publisher = "Вузовская книга",
	year = 2009,
	numpages = 288
}

@BOOK{berzh,
	author = "Берж К.",
	title = "Теория графов и ее применения",
	address = "M.",
	publisher = "Издательство иностранной литературы",
	year = 1962,
	numpages = 320
}

@MISC{patmat,
	author = "Tahsin Reza and Matei Ripeanu and Christine Klymko and Geoffrey Sanders and Roger Pearce",
	title = "Towards Practical and Robust Labeled Pattern Matching in Trillion-Edge Graphs",
	year = 2017
}

@MISC{izom,
	author = "Laszlo Babai",
	title = "Graph Isomorphism in Quasipolynomial Time",
	year = 2015
}

@MISC{stargraph,
	title = "Граф-звезда",
	url = "https://ru.wikipedia.org/wiki/Граф-звезда",
	year = 2017
}

@ARTICLE{sinkit,
	author="Галина Мурсалиева",
	title="Группы смерти (18+)",
	url="https://www.novayagazeta.ru/articles/2016/05/16/68604-gruppy-smerti-18",
	journal="Новая газета",
	year=2016
}